<?xml version="1.0" encoding="UTF-8"?><record xmlns="http://www.loc.gov/MARC21/slim" xmlns:cinclude="http://apache.org/cocoon/include/1.0" xmlns:zs="http://www.loc.gov/zing/srw/">
  <leader>00316nz  a2200121n  4500</leader>
  <controlfield tag="001">n  94011223 </controlfield>
  <controlfield tag="003">DLC</controlfield>
  <controlfield tag="005">19940204100207.0</controlfield>
  <controlfield tag="008">940204n| acannaab|          |n aaa |||  </controlfield>
  <datafield tag="010" ind1=" " ind2=" ">
    <subfield code="a">n  94011223 </subfield>
  </datafield>
  <datafield tag="040" ind1=" " ind2=" ">
    <subfield code="a">DLC</subfield>
    <subfield code="c">DLC</subfield>
  </datafield>
  <datafield tag="100" ind1="1" ind2="0">
    <subfield code="a">Altmeier, Werner</subfield>
  </datafield>
  <datafield tag="670" ind1=" " ind2=" ">
    <subfield code="a">Horst de MareĚes, 1896-1988:</subfield>
    <subfield code="b">t.p. verso (Dr. Werner Altmeier)</subfield>
  </datafield>
</record>